@online{alposHowTrustStrangers2021,
  title = {How to {{Trust Strangers}}: {{Composition}} of {{Byzantine Quorum Systems}}},
  shorttitle = {How to {{Trust Strangers}}},
  author = {Alpos, Orestis and Cachin, Christian and Zanolini, Luca},
  date = {2021-07-23},
  eprint = {2107.11331},
  eprinttype = {arxiv},
  primaryclass = {cs},
  url = {http://arxiv.org/abs/2107.11331},
  urldate = {2021-10-03},
  archiveprefix = {arXiv}
}

@article{hirtPlayerSimulationGeneral2000,
  title = {Player {{Simulation}} and {{General Adversary Structures}} in {{Perfect Multiparty Computation}}},
  author = {Hirt, Martin and Maurer, Ueli},
  year = {2000},
  month = jan,
  journal = {Journal of Cryptology},
  volume = {13},
  number = {1},
  pages = {31--60}
}

@article{MazieresStellarConsensusProtocol2015,
  title = {The Stellar Consensus Protocol: {{A}} Federated Model for Internet-Level Consensus},
  shorttitle = {The Stellar Consensus Protocol},
  author = {Mazieres, David},
  year = {2015},
  journal = {Stellar Development Foundation}
}

@inproceedings{lokhavaFastSecureGlobal2019,
  title = {Fast and Secure Global Payments with {{Stellar}}},
  booktitle = {Proceedings of the 27th {{ACM Symposium}} on {{Operating Systems Principles}}},
  author = {Lokhava, Marta and Losa, Giuliano and Mazi{\`e}res, David and Hoare, Graydon and Barry, Nicolas and Gafni, Eli and Jove, Jonathan and Malinowsky, Rafa{\l} and McCaleb, Jed},
  year = {2019},
  month = oct,
  series = {{{SOSP}} '19},
  pages = {80--96},
  publisher = {{Association for Computing Machinery}},
  address = {{Huntsville, Ontario, Canada}},
  isbn = {978-1-4503-6873-5}
}

@article{cachinAsymmetricDistributedTrust2019,
  title = {Asymmetric {{Distributed Trust}}},
  author = {Cachin, Christian and Tackmann, Bj{\"o}rn},
  year = {2019},
  month = jun,
  journal = {arXiv:1906.09314 [cs]},
  eprint = {1906.09314},
  eprinttype = {arxiv},
  primaryclass = {cs},
  archiveprefix = {arXiv}
}

@article{malkhiByzantineQuorumSystems1998,
  title = {Byzantine Quorum Systems},
  author = {Malkhi, Dahlia and Reiter, Michael},
  date = {1998},
  journaltitle = {Distributed computing},
  volume = {11},
  pages = {203--213},
  number = {4}
}

